@MISC{aes,
	author = {},
	title  = "{AES Modes (Python)}",
	year   = 2021,
	note   = {[Online] \url{https://asecuritysite.com/encryption/aes_modes}. Último acesso a 8 de maio de 2021}
}

@MISC{aes-using,
	author = {Stack Overflow},
	title  = "{python - PyCrypto problem using AES+CTR}",
	year   = 2021,
	note   = {[Online] \url{https://stackoverflow.com/questions/3154998/pycrypto-problem-using-aesctr}. Último acesso a 8 de maio de 2021}
}

@MISC{caesar,
	author = {PyPI},
	title  = "{caesarcipher - PyPI}",
	year   = 2021,
	note   = {[Online] \url{https://pypi.org/project/caesarcipher/}. Último acesso a 9 de maio de 2021}
}

@MISC{elgamal,
	author = {PyPI},
	title  = "{elgamal - PyPI}",
	year   = 2021,
	note   = {[Online] \url{https://pypi.org/project/elgamal/}. Último acesso a 10 de maio de 2021}
}

@MISC{hash,
	author = {PyCryptodome},
	title  = "{Crypto.Hash package — PyCryptodome 3.9.9 documentation}",
	year   = 2021,
	note   = {[Online] \url{https://pycryptodome.readthedocs.io/en/latest/src/hash/hash.html}. Último acesso a 17 de maio de 2021}
}

@MISC{otp,
	author = {PyPI},
	title  = "{onetimepad - PyPI}",
	year   = 2021,
	note   = {[Online] \url{https://pypi.org/project/onetimepad/}. Último acesso a 10 de maio de 2021}
}

@MISC{vigenere,
	author = {PyPI},
	title  = "{vigenere - PyPI}",
	year   = 2021,
	note   = {[Online] \url{https://pypi.org/project/vigenere/}. Último acesso a 10 de maio de 2021}
}

@MISC{valemail,
	author = {GitHub},
	title  = "{karolyi/py3-validate-email: Check if an email is valid with using SMTP, regexes and blacklists}",
	year   = 2021,
	note   = {[Online] \url{https://github.com/karolyi/py3-validate-email}. Último acesso a 20 de maio de 2021}
}

@MISC{password,
	author = {Stack Overflow},
	title  = "{python - Checking the strength of a password (how to check conditions)}",
	year   = 2021,
	note   = {[Online] \url{https://stackoverflow.com/questions/16709638/checking-the-strength-of-a-password-how-to-check-conditions}. Último acesso a 20 de maio de 2021}
}
